@inproceedings{roe1985some,
  title={{Some contributions to the modelling of discontinuous flows}},
  author={Roe, Philip L},
  booktitle={Large-Scale Computations in Fluid Mechanics},
  pages={163--193},
  year={1985}
}

@article{van1977towards,
  title={{Towards the ultimate conservative difference scheme. IV. A new approach to numerical convection}},
  author={Van Leer, Bram},
  journal={Journal of computational physics},
  volume={23},
  number={3},
  pages={276--299},
  year={1977},
  publisher={Elsevier}
}
