% Preprints

% Large deformation version of Berger_2015.
% http://www.cs.ox.ac.uk/people/lorenz.berger/nonlinear-poroelasticity.pdf
% author:berger author:bordas author:kay author:tavener nonlinear poroelasticity
@Article{Berger_2017,
   author = {L.~Berger and R.~Bordas and D.~Kay and S.~Tavener},
    title = {A stabilized finite element method for nonlinear poroelasticity},
  journal = {TBD},
     year = 2017,
     note = {\url{http://tinyurl.com/jpvz6z6}}
}

@Article{Adhikary_2016,
   author = {D.~P.~Adhikary and C.~T.~Jayasundara and R.~K.~Podgorney and A.~H.~Wilkins},
    title = {{A robust return-map algorithm for general multisurface plasticity}},
  journal = {International Journal for Numerical Methods in Engineering},
    month = apr,
     year = 2016,
     note = {\url{http://dx.doi.org/10.1002/nme.5284}}
}

% http://link.springer.com/article/10.1007%2Fs12008-016-0308-5
@Article{Mejia_2016,
   author = {D.~Mejia and A.~Moreno and O.~Ruiz-Salguero and I.~Barandiaran},
    title = {{Appraisal of open software for finite element simulation of 2D metal sheet laser cut}},
  journal = {International Journal on Interactive Design and Manufacturing},
    month = mar,
     year = 2016,
    pages = {1--12},
     note = {\url{http://dx.doi.org/10.1007/s12008-016-0308-5}}
}

@Article{Poulet_2016b,
   author = {T.~Poulet and M.~Paesold and M.~Veveakis},
    title = {{Multi-physics modelling of fault mechanics using REDBACK: A parallel open-source simulator for tightly coupled problems}},
  journal = {Rock Mechanics and Rock Engineering},
    month = mar,
     year = 2016,
     note = {\url{http://dx.doi.org/10.1007/s00603-016-0927-y}}
}

% author:griffith Hybrid finite difference/finite element version of the immersed boundary method
@Article{Griffith_2012,
   author = {B.~E.~Griffith and X.~Luo},
    title = {{Hybrid finite difference/finite element version of the immersed boundary method}},
  journal = {PREPRINT, Submitted to IJNME},
     year = 2012,
     note = {\url{http://www.math.nyu.edu/~griffith/docs/griffith_luo_ibfem.pdf}}
}

