@Article{Yuryev_2017,
   author = {D.~V.~Yuryev and M.~J.~Demkowicz},
    title = {{Modeling growth, coalescence, and stability of helium precipitates on patterned interfaces}},
  journal = {Modelling and Simulation in Materials Science and Engineering},
     year = 2017,
   volume = 25,
   number = 1,
    pages = {015003 (15 pages)},
     note = {\url{http://dx.doi.org/10.1088/0965-0393/25/1/015003}}
}

@Article{Hu_2017,
   author = {R.~Hu},
    title = {{A fully-implicit high-order system thermal-hydraulics model for advanced non-LWR safety analyses}},
  journal = {Annals of Nuclear Energy},
    month = mar,
     year = 2017,
   volume = 101,
    pages = {174--181},
     note = {\url{http://dx.doi.org/10.1016/j.anucene.2016.11.004}}
}

@Article{Bair_2017,
   author = {J.~Bair and M.~A.~Zaeem and D.~Schwen},
    title = {{Formation path of $\delta$ hydrides in zirconium by multiphase field modeling}},
  journal = {Acta Materialia},
    month = jan,
     year = 2017,
   volume = 123,
    pages = {235--244},
     note = {\url{http://dx.doi.org/10.1016/j.actamat.2016.10.056}}
}

@Article{Green_2017,
   author = {D.~K.~E.~Green},
    title = {{Efficient Markov chain Monte Carlo for combined subset simulation and nonlinear finite element analysis}},
  journal = {Computer Methods in Applied Mechanics and Engineering},
   volume = 313,
    month = jan,
     year = 2017,
    pages = {337--361},
     note = {\url{http://dx.doi.org/10.1016/j.cma.2016.10.012}}
}

@Article{Montgomery_2017,
   author = {R.~Montgomery and C.~Tom\'{e} and W.~Liu and A.~Alankar and G.~Subramanian and C.~Stanek},
    title = {{Use of multiscale zirconium alloy deformation models in nuclear fuel behavior analysis}},
  journal = {Journal of Computational Physics},
   volume = 328,
    month = jan,
     year = 2017,
    pages = {278--300},
     note = {\url{http://dx.doi.org/10.1016/j.jcp.2016.09.051}}
}

@Article{Jokisaari_2017,
   author = {A.~M.~Jokisaari and P.~W.~Voorhees and J.~E.~Guyer and J.~Warren and O.~G.~Heinonen},
    title = {{Benchmark problems for numerical implementations of phase field models}},
  journal = {Computational Materials Science},
    month = jan,
     year = 2017,
   volume = 126,
    pages = {139--151},
     note = {\url{http://dx.doi.org/10.1016/j.commatsci.2016.09.022}}
}
